@article{sw,
	title={Identification of common molecular subsequences},
	author={Smith, T.F. and Waterman, M.S.},
	journal={Journal of Molecular Biology},
	volume={147},
	number={1},
	pages={195--197},
	year={1981},
	publisher={Elsevier}
}

@article{reviewngs,
	title={A tale of three next generation sequencing platforms: comparison of Ion Torrent, Pacific Biosciences and Illumina MiSeq sequencers},
	author={Quail, M. A and Smith, M. and Coupland, P. and Otto, T. and Harris, S. and Connor, T. and Bertoni, A. and Swerdlow, H. and Gu, Y.},
	journal={BMC Genomics},
	volume={13},
	number={1},
	pages={341},
	year={2012},
}

@article{allany,
	title={Comparison of mapping algorithms used in high-throughput sequencing: application to Ion Torrent data},
	author={Caboche, S. and Audebert, C. and Lemoine, Y. and Hot, Da.},
	journal={BMC Genomics},
	volume={15},
	number={1},
	pages={1},
	year={2014},
}

@article{bwa,
title={{Fast and accurate long-read alignment with Burrows-Wheeler transform}},
author={Li, H. and Durbin, R.},
journal={Bioinformatics},
volume={25},
number={14},
pages={1754--1760},
year={2010}}


@article{gem,
title={{The GEM mapper: fast, accurate and versatile alignment by filtration}},
author={Marcosola, S. and Sammeth, M. and Guigo, R. and Ribeca, P.},
journal={Nature Methods},
volume={9},
number={12},
pages={1185--1188},
year={2012}}


@article{bowtie2,
title={{Fast gapped-read alignment with Bowtie2}},
author={Langmead, B. and Salzberg,S .},
journal={Nature Methods},
volume={9},
number={4},
pages={357--359},
year={2012}}


@article{bowtie,
title={{Ultrafast and memory-efficient alignment of short DNA sequences to the
human genome}},
author={Langmead, B. and Trapnell, C. and Pop, M. and Salzberg, S.},
journal={Genome Biology},
volume={10},
number={3},
pages={1--10},
year={2009}}


@article{razers3,
title={{RazerS3: Faster, fully sensitive read mapping}},
author={Weese, D. and Holtgrewe, M. and Reinert, K.},
journal={Bioinformatics},
volume={28},
number={20},
pages={2592--2599},
year={2012}}


@article{hobbes2,
title={{Improving read mapping using additional prefix grams}},
author={Kim, J. and Li, C. and Xie, X.},
journal={BMC Bioinformatics},
volume={15},
number={1},
pages={42},
year={2014}}


@article{mrfast,
title={{Personalized copy number and segmental duplication maps using next-
generation sequencing.}},
author={Alkan, C. and Kidd, J. and Marquesbonet, T. and Aksay, G. and Francesca
antonacci,F and Hormozdiari, F. and Kitzman, J. and Baker, C. and Malig, M. and Mutlu, O. and Sahinalp, S. and Gibbs, R. and Eichler, E.},
journal={Nature Genetics},
volume={41},
number={10},
pages={1061--1067},
year={2009}}

@article{bitmapper,
	title={{BitMapper: an efficient all-mapper based on bit-vector computing}},
	author={Cheng, H. and Jiang, H. and Yang, J. and Xu, Y. and Shang, Y.},
	journal={BMC Bioinformatics},
	volume={16},
	number={1},
	pages={1},
	year={2015},
}

@article{myers,
title={{A fast bit-vector algorithm for approximate string matching based on
dynamic programming}},
author={Myers, G.},
journal={Journal of the ACM},
volume={46},
number={3},
pages={395--415},
year={1999}}


@article{nw,
title={{A general method applicable to the search for similarities in the amino
acid sequence of two proteins}},
author={Needleman, S. and Wunsch, C.},
journal={Journal of Molecular Biology},
volume={48},
number={3},
pages={443--453},
year={1990}}

@article{hirschberg,
  title={{A linear space algorithm for computing maximal common subsequences}},
  author={Hirschberg, D.},
  journal={Communications of the ACM},
  volume={18},
  number={6},
  pages={341--343},
  year={1975},
}

@article{rabema,
	title={A novel and well-defined benchmarking method for second generation read mapping},
	author={Holtgrewe, M. and Emde, A. and Weese, D. and Reinert, K.},
	journal={BMC Bioinformatics},
	volume={12},
	number={1},
	pages={210},
	year={2011},
}

@article{mason,
	title={{Mason -- a read simulator for second generation sequencing data}},
	author={Holtgrewe, M.},
	journal={Technical report FU Berlin},
	year={2010}
}

@misc{wgsim,
	title = {wgsim},
	howpublished = {https://github.com/lh3/wgsim},
	author={Li, H.},
	note = {2010}
}

@misc{pmap,
    title={{pMap: Parallel Sequence Mapping Tool}},
    howpublished = {http://bmi.osu.edu/hpc/software/pmap/pmap.html},
    note = {2010}
}

@misc{bitmapper2,
    title={{BitMapper2: GPU-accelerated Short Reads Alignment Tool}},
    howpublished = {http://home.ustc.edu.cn/~chhy/BitMapper2.html},
    author={Haoyu, Cheng and Yun, Xu}
}

@article{seal,
    author = {Pireddu, L. and Leo, S. and Zanetti, G.},
    journal = {Bioinformatics},
    number = {15},
    pages = {2159--2160},
    title = {{SEAL: a distributed short read mapping and duplicate removal tool}},
    volume = {27},
    year = {2011}
}

@article{bigbwa,
	title = {{BigBWA: approaching the Burrows Wheeler aligner to big data technologies}},
	author = {Abu{\'i}n, J.M. and Pichel. J.C. and Pena T.F. and Amigo, J.},
	journal = "Bioinformatics",
	volume = "31",
	number = "24",
	pages = "4003--4005",
	year = "2015"
}

@Article{sparkbwa,
	title = {{SparkBWA: Speeding up the alignment of high-throughput DNA sequencing data}},
	author = {Abu{\'i}n, J.M. and Pichel, J.C. and Pena, T.F. and Amigo, J.},
	journal = "PLOS One",
	volume = "11",
	number = "5",
	year = "2016"
}

@InProceedings{meraligner,
	author = {Georganas, E. and Buluc, A. and Chapman, J. and Oliker, L. and Rokhsar, D. and Yelick, K.},
	title = {{merAligner: A fully parallel sequence aligner}},
	booktitle = {Proc. 29th IEEE Intl. Parallel and Distributed Processing Symp. (IPDPS'15)},
	year = 2015,
}

@Article{cushaw,
	title = {{CUSHAW3: Sensitive and accurate base-space and color-space short-read alignment with hybrid seeding}},
	author = {Liu, Y. and Popp, B. and Schmidt, B.},
	journal = "PLOS One",
	volume = "9",
	number = "1",
	year = "2014"
}

@Misc{nvBio,
	author={{NVIDIA CUDA Zone: nvBio}},
    note={{https://developer.nvidia.com/nvbio}}
}

@Misc{parSRA,
	author={{parSRA: Portable Framework for the Parallel Execution of Short Read Aligners}},
    note={{https://sourceforge.net/projects/parsra/}}
}

@article{reinert,
volume = {16},
number = {1},
author = {Reinert, K. and Langmead, B. and Weese, D. and Evers, D.J.},
title = {{Alignment of next-generation sequencing reads}},
journal = {Annual Review of Genomics and Human Genetics},
pages = {133--151},
year = {2015},
}

@inproceedings{chacon,
  title={{Thread-cooperative, bit-parallel computation of Levenshtein distance on GPU}},
  author={Chac{\'o}n, A. and Marco-Sola, S. and Espinosa, A. and Ribeca, P. and Moure, J.C.},
  booktitle={Proc. of the 28th ACM Intl. Conf. on Supercomputing},
  pages={103--112},
  year={2014},
  organization={ACM}
}

@Article{pbwa,
	title = {{Speeding up large-scale next generation sequencing data analysis with pBWA}},
	author = {Peters, D. and Luo, X. and Qiu, K. and Liang, P.},
	journal = "Journal of Applied Bioinformatics \& Computational Biology",
	volume = "1",
	number = "1",
	year = "2012"
}


@article{swap,
  title={{SWAP-Assembler: scalable and efficient genome assembly towards thousands of cores}},
  author={Meng, J. and Wang, B. and Wei, Y. and Feng, S. and Balaji, P.},
  journal={BMC Bioinformatics},
  volume={15},
  number={Suppl 9},
  pages={S2},
  year={2014},
}

@article{efficient,
  title={{Efficient similarity joins for near-duplicate detection}},
  author={Xiao, C. and Wang, W. and Lin, X. and Yu, J. and Wang, G.},
  journal={ACM Transactions on Database Systems},
  volume={36},
  number={3},
  pages={15},
  year={2011},
}

@article{sunway,
  title={{The Sunway TaihuLight supercomputer: system and applications}},
  author={Fu, H. and Liao, J. and Yang, J. and Wang, L. and Song, Z. and Huang, X. and Yang, C. and Xue, W. and Liu, F. and Qiao, F. and others},
  journal={Science China Information Sciences},
  volume={59},
  number={7},
  pages={072001},
  year={2016},
  publisher={Springer}
}

@article{cushaw3upc,
  title={{Parallel and scalable short-read alignment on multi-core clusters Using UPC++}},
  author={Gonz{\'a}lez-Dom{\'\i}nguez, J. and Liu, Y. and Schmidt, B.},
  journal={PloS One},
  volume={11},
  number={1},
  year={2016},
}

@article{genotyping,
  title={A robust, simple genotyping-by-sequencing (GBS) approach for high diversity species},
  author={Elshire, Robert J and Glaubitz, Jeffrey C and Sun, Qi and Poland, Jesse A and Kawamoto, Ken and Buckler, Edward S and Mitchell, Sharon E},
  journal={PloS one},
  volume={6},
  number={5},
  pages={e19379},
  year={2011},
  publisher={Public Library of Science}
}

@article{snp,
  title={Double digest RADseq: an inexpensive method for de novo SNP discovery and genotyping in model and non-model species},
  author={Peterson, Brant K and Weber, Jesse N and Kay, Emily H and Fisher, Heidi S and Hoekstra, Hopi E},
  journal={PloS one},
  volume={7},
  number={5},
  pages={e37135},
  year={2012},
  publisher={Public Library of Science}
}

@article{personalgenomics,
  title={The future of personal genomics},
  author={McGuire, Amy L and Cho, Mildred K and McGuire, Sean E and Caulfield, Timothy},
  journal={Science (New York, NY)},
  volume={317},
  number={5845},
  pages={1687},
  year={2007},
  publisher={NIH Public Access}
}